<record><leader>00000cas a2200000 a 4500</leader><controlfield tag="001">53043017</controlfield><controlfield tag="008">030917d18uu1846nyuwr ne      0    0eng c</controlfield><datafield ind1=" " ind2=" " tag="010"><subfield code="a">sn2003060452</subfield></datafield><datafield ind1=" " ind2=" " tag="040"><subfield code="a">NYS</subfield><subfield code="b">eng</subfield><subfield code="c">NYS</subfield><subfield code="d">OCLCQ</subfield><subfield code="d">OCLCO</subfield><subfield code="d">OCLCF</subfield><subfield code="d">NYG</subfield></datafield><datafield ind1=" " ind2=" " tag="042"><subfield code="a">pcc</subfield></datafield><datafield ind1=" " ind2=" " tag="043"><subfield code="a">n-us-ny</subfield></datafield><datafield ind1="0" ind2=" " tag="130"><subfield code="a">Highland democrat (Peekskill, N.Y.)</subfield></datafield><datafield ind1="1" ind2="4" tag="245"><subfield code="a">The Highland democrat.</subfield></datafield><datafield ind1=" " ind2=" " tag="260"><subfield code="a">Peekskill, Westchester County ;</subfield><subfield code="a">Carmel, Putnam County [N.Y.] :</subfield><subfield code="b">S.G. Arnold</subfield></datafield><datafield ind1=" " ind2=" " tag="300"><subfield code="a">v. :</subfield><subfield code="b">ill. ;</subfield><subfield code="c">60 cm.</subfield></datafield><datafield ind1=" " ind2=" " tag="310"><subfield code="a">Weekly</subfield></datafield><datafield ind1="1" ind2=" " tag="362"><subfield code="a">Ceased in 1846?</subfield></datafield><datafield ind1=" " ind2=" " tag="500"><subfield code="a">Publishers: John Hunter and Benjamin Bailey &lt;1839-&gt;;S.G. Arnold &lt;1841-1842&gt;; G.K. Lyman &lt;1842-1846&gt;.</subfield></datafield><datafield ind1=" " ind2=" " tag="500"><subfield code="a">From Peekskill Republican, March, 1846: "Mr. Lyman of the 'Democrat' ..."</subfield></datafield><datafield ind1=" " ind2=" " tag="500"><subfield code="a">"After Bailey, Samuel G. Arnold became editor, succeeded in 1842 by G.K. Lyman, who was editor until 1846 when the newspaper suspended publication." Cf. "Pioneers, Patriots and People, Past and Present: A History of Peekskill, N.Y., William T. Horton, 1953.</subfield></datafield><datafield ind1=" " ind2=" " tag="580"><subfield code="a">Absorbed: Westchester and Putnam Democrat.</subfield></datafield><datafield ind1=" " ind2=" " tag="588"><subfield code="a">Description based on: Vol. 2, no. 40 (Dec. 7, 1841).</subfield></datafield><datafield ind1=" " ind2=" " tag="588"><subfield code="a">Latest issue consulted: (Oct. 9, 1845).</subfield></datafield><datafield ind1=" " ind2="0" tag="651"><subfield code="a">Peekskill (N.Y.)</subfield><subfield code="v">Newspapers.</subfield></datafield><datafield ind1=" " ind2="0" tag="651"><subfield code="a">Westchester County (N.Y.)</subfield><subfield code="v">Newspapers.</subfield></datafield><datafield ind1=" " ind2="0" tag="651"><subfield code="a">Carmel Hamlet (N.Y.)</subfield><subfield code="v">Newspapers.</subfield></datafield><datafield ind1=" " ind2="0" tag="651"><subfield code="a">Putnam County (N.Y.)</subfield><subfield code="v">Newspapers.</subfield></datafield><datafield ind1=" " ind2="7" tag="651"><subfield code="a">New York (State)</subfield><subfield code="z">Carmel Hamlet.</subfield><subfield code="2">fast</subfield><subfield code="0">(OCoLC)fst01875651</subfield></datafield><datafield ind1=" " ind2="7" tag="651"><subfield code="a">New York (State)</subfield><subfield code="z">Peekskill.</subfield><subfield code="2">fast</subfield><subfield code="0">(OCoLC)fst01209452</subfield></datafield><datafield ind1=" " ind2="7" tag="651"><subfield code="a">New York (State)</subfield><subfield code="z">Putnam County.</subfield><subfield code="2">fast</subfield><subfield code="0">(OCoLC)fst01211409</subfield></datafield><datafield ind1=" " ind2="7" tag="651"><subfield code="a">New York (State)</subfield><subfield code="z">Westchester County.</subfield><subfield code="2">fast</subfield><subfield code="0">(OCoLC)fst01202684</subfield></datafield><datafield ind1=" " ind2="7" tag="655"><subfield code="a">Newspapers.</subfield><subfield code="2">fast</subfield><subfield code="0">(OCoLC)fst01423814</subfield></datafield><datafield ind1=" " ind2=" " tag="752"><subfield code="a">United States</subfield><subfield code="b">New York</subfield><subfield code="c">Westchester</subfield><subfield code="d">Peekskill.</subfield></datafield><datafield ind1="1" ind2="5" tag="780"><subfield code="t">Westchester and Putnam democrat</subfield><subfield code="w">(DLC)sn 83031604</subfield><subfield code="w">(OCoLC)9906489</subfield></datafield><datafield ind1="1" ind2=" " tag="029"><subfield code="a">AU@</subfield><subfield code="b">000024963953</subfield></datafield></record>